<record><leader>00000cas a2200000 a 4500</leader><controlfield tag="001">44903315</controlfield><controlfield tag="006">m     o  d        </controlfield><controlfield tag="007">cr un|||||||||</controlfield><controlfield tag="008">000829c19939999nyuwr nso     0    0eng c</controlfield><datafield ind1=" " ind2=" " tag="010"><subfield code="a">  2009263177</subfield></datafield><datafield ind1=" " ind2=" " tag="040"><subfield code="a">AZN</subfield><subfield code="b">eng</subfield><subfield code="c">AZN</subfield><subfield code="d">OCL</subfield><subfield code="d">OCLCQ</subfield><subfield code="d">TXA</subfield><subfield code="d">OCLCQ</subfield><subfield code="d">COO</subfield><subfield code="d">OCLCO</subfield></datafield><datafield ind1=" " ind2=" " tag="037"><subfield code="b">The New York Beacon, 237 W 37th St #802,New York, NY 10018</subfield></datafield><datafield ind1="0" ind2=" " tag="041"><subfield code="a">eng</subfield><subfield code="a">spa</subfield></datafield><datafield ind1=" " ind2=" " tag="042"><subfield code="a">pcc</subfield></datafield><datafield ind1=" " ind2=" " tag="043"><subfield code="a">n-us-ny</subfield></datafield><datafield ind1="1" ind2="4" tag="050"><subfield code="a">E185.5</subfield><subfield code="b">.N48</subfield></datafield><datafield ind1="0" ind2=" " tag="130"><subfield code="a">New York beacon (Brooklyn, New York, N.Y.)</subfield></datafield><datafield ind1="1" ind2="4" tag="245"><subfield code="a">The New York beacon</subfield><subfield code="h">[electronic resource].</subfield></datafield><datafield ind1="1" ind2="3" tag="246"><subfield code="a">New New York beacon</subfield></datafield><datafield ind1="1" ind2="3" tag="246"><subfield code="a">New beacon</subfield></datafield><datafield ind1=" " ind2=" " tag="260"><subfield code="a">Brooklyn, N.Y. :</subfield><subfield code="b">W. Smith</subfield></datafield><datafield ind1=" " ind2=" " tag="310"><subfield code="a">Weekly</subfield></datafield><datafield ind1="1" ind2=" " tag="362"><subfield code="a">Print began with vol. 1, issue 1 (Feb. 6/12, 1993).</subfield></datafield><datafield ind1=" " ind2=" " tag="500"><subfield code="a">Publisher: Walter Smith 1993-2001; Smith Haj Group 2001-</subfield></datafield><datafield ind1=" " ind2=" " tag="538"><subfield code="a">Mode of access: World Wide Web.</subfield></datafield><datafield ind1=" " ind2=" " tag="546"><subfield code="a">Some text in Spanish.</subfield></datafield><datafield ind1=" " ind2=" " tag="588"><subfield code="a">Description based on: Vol. 1, issue 13 (May 7, 1993); title from issue table of contents (ProQuest, viewed Aug. 21, 2009).</subfield></datafield><datafield ind1=" " ind2=" " tag="588"><subfield code="a">Latest issue consulted: Vol. 16, issue 26 (July 2/8, 2009) (viewed Aug. 21, 2009).</subfield></datafield><datafield ind1=" " ind2="0" tag="650"><subfield code="a">African Americans</subfield><subfield code="z">New York (State)</subfield><subfield code="z">New York</subfield><subfield code="v">Newspapers.</subfield></datafield><datafield ind1=" " ind2="0" tag="651"><subfield code="a">Brooklyn (New York, N.Y.)</subfield><subfield code="v">Newspapers.</subfield></datafield><datafield ind1=" " ind2="0" tag="651"><subfield code="a">Kings County (N.Y.)</subfield><subfield code="v">Newspapers.</subfield></datafield><datafield ind1=" " ind2="0" tag="655"><subfield code="a">Electronic newspapers.</subfield></datafield><datafield ind1=" " ind2="7" tag="655"><subfield code="a">Electronic newspapers.</subfield><subfield code="2">lcsh</subfield></datafield><datafield ind1=" " ind2=" " tag="752"><subfield code="a">United States</subfield><subfield code="b">New York</subfield><subfield code="c">Kings</subfield><subfield code="d">Brooklyn.</subfield></datafield><datafield ind1=" " ind2=" " tag="752"><subfield code="a">United States</subfield><subfield code="b">New York</subfield><subfield code="d">New York.</subfield></datafield><datafield ind1="0" ind2="8" tag="776"><subfield code="i">Print version:</subfield><subfield code="t">New York beacon (Brooklyn, New York, N.Y.)</subfield><subfield code="w">(DLC)sn 97063663</subfield><subfield code="w">(OCoLC)28188945</subfield></datafield><datafield ind1="0" ind2="0" tag="780"><subfield code="t">Big red news</subfield><subfield code="w">(DLC)  2009263172</subfield><subfield code="w">(OCoLC)60637016</subfield></datafield><datafield ind1="4" ind2="0" tag="856"><subfield code="u">http://proquest.umi.com/pqdlink?vinst=PROD&amp;ver=1&amp;vname=PQD&amp;exp=08-20-2014&amp;pmid=58762&amp;vtype=PQD&amp;rqt=318&amp;PageNum=1</subfield></datafield></record>